<record><leader>00000cas a22000007a 4500</leader><controlfield tag="001">19578379</controlfield><controlfield tag="008">890420d19071908njuwr ne      0    0eng d</controlfield><datafield ind1=" " ind2=" " tag="010"><subfield code="a">sn 88071150 </subfield></datafield><datafield ind1=" " ind2=" " tag="040"><subfield code="a">NJW</subfield><subfield code="b">eng</subfield><subfield code="c">NJW</subfield><subfield code="d">NLG</subfield><subfield code="d">OCLCQ</subfield></datafield><datafield ind1=" " ind2=" " tag="042"><subfield code="a">msc</subfield></datafield><datafield ind1="0" ind2=" " tag="130"><subfield code="a">Gazette (East Orange, N.J. : 1907)</subfield></datafield><datafield ind1="1" ind2="4" tag="245"><subfield code="a">The Gazette.</subfield></datafield><datafield ind1=" " ind2=" " tag="260"><subfield code="a">East Orange, N.J. :</subfield><subfield code="b">East Orange Pub. Co.,</subfield><subfield code="c">1907-1908.</subfield></datafield><datafield ind1=" " ind2=" " tag="310"><subfield code="a">Weekly</subfield></datafield><datafield ind1="0" ind2=" " tag="362"><subfield code="a">Vol. 35, no. 2 (May 9, 1907)-v. 36, no. 6 (June 25, 1908).</subfield></datafield><datafield ind1=" " ind2=" " tag="752"><subfield code="a">United States</subfield><subfield code="b">New Jersey</subfield><subfield code="c">Essex</subfield><subfield code="d">East Orange.</subfield></datafield><datafield ind1="0" ind2="0" tag="780"><subfield code="t">East Orange gazette</subfield><subfield code="w">(DLC)sn 84038694</subfield><subfield code="w">(OCoLC)11450694</subfield></datafield></record>